2466 3914
82 203 172 261 Actus
186 204 238 269 IV,
253 199 295 276 vi]
514 201 710 260 PHORMIO
1000 199 1141 274 [737-754

125 352 178 414 Ch
494 335 590 425 Adeo,
606 369 723 424 manee,
739 350 813 412 dum
827 347 903 412 hooc
916 369 995 428 quae
1008 349 1142 429 loquitur

183 445 277 525 magis
291 446 460 526 cognosco?
1103 463 1140 504 ro

123 541 169 601 So.
193 540 286 616 Quod
299 539 324 600 si
338 559 409 600 eum
420 558 501 600 nunc
511 539 637 621 reperire
648 537 769 617 possim,
782 535 856 597 nmil
866 546 919 610 est,
932 537 1018 615 quod
1027 536 1139 598 uereor,

127 634 178 693 Clo
973 632 1049 692 East
1062 630 1140 710 ipsa:

83 727 261 806 Conloquar.

123 822 170 882 So.
254 821 331 898 Quis
344 819 394 883 hic
408 819 555 900 lbquitur?

125 915 178 975 Ch.
545 914 709 993 Sophrona„

123 1010 170 1070 So.
688 991 728 1068 Εἰ
742 1024 844 1068 meum
860 1024 972 1068 nomen
987 1006 1142 1069 nominat?
1172 1082 1185 1097 l

126 1103 178 1163 Ch.
202 1099 331 1180 Re'spice
344 1103 384 1165 ad
398 1122 455 1165 me.

123 1195 169 1256 So.
436 1195 477 1257 Di
491 1195 617 1257 obsecro
631 1213 694 1268 uos,
711 1192 795 1255 &stne
809 1192 859 1254 hic
873 1191 987 1273 Stilpo?

126 1289 178 1349 Ch.
966 1287 1046 1349 Nom

123 1382 170 1442 So.
1022 1383 1143 1462 Negas?

126 1476 178 1535 Ch.
202 1476 345 1538 Concede
354 1475 573 1538 hincaforibus
583 1478 706 1555 paulum
715 1475 854 1538 istorsum
865 1475 962 1550 sodes,
973 1475 1140 1554 Sophrona.

82 1569 131 1629 Ne
145 1587 194 1628 me
208 1569 284 1629 istoc
298 1570 423 1646 posthac
436 1570 559 1631 nomine
573 1570 753 1648 apmlldssis.

123 1663 169 1724 So.
698 1662 800 1740 Quid?
820 1682 882 1724 non
897 1663 1079 1740 obsocroes,
1105 1680 1141 1743 ις

84 1756 183 1830 Quem
198 1755 314 1834 somper
328 1766 358 1817 te
372 1774 437 1818 esse
451 1756 611 1819 dictitasti?

126 1851 178 1911 Ch.
636 1851 685 1912 St'.

124 1945 170 2004 So.
708 1943 791 2021 Quid
805 1945 859 2006 has
874 1946 982 2007 metuis
995 1946 1094 2008 fores?

127 2039 178 2098 ch.
202 2039 384 2101 Concmsam
408 2038 458 2099 hic
481 2039 580 2101 habeo
605 2041 726 2101 uxorem
754 2058 883 2100 saeuam.
926 2039 1040 2101 V6rum
1065 2040 1144 2103 istoc

184 2151 232 2191 me
247 2130 370 2193 nomine

84 2225 131 2285 Eo
145 2223 298 2303 porperam
312 2225 384 2286 olim
399 2224 469 2300 dixi,
485 2245 523 2286 ne
537 2246 593 2288 uos
607 2227 682 2287 forte
696 2224 890 2304 inprudentos
904 2225 974 2288 foris

84 2319 257 2381 Effiittiretis
271 2319 361 2397 &tque
376 2319 408 2381 id
421 2340 510 2399 porro
523 2321 622 2399 aliqua
637 2325 710 2381 rixor
724 2340 792 2382 mea
805 2322 982 2382 rescisceret.
1106 2342 1142 2401 19

123 2417 170 2477 So.
195 2416 276 2476 Istoc
287 2415 338 2493 pol
348 2434 405 2476 nos
415 2424 445 2476 te
459 2414 509 2476 hic
519 2416 653 2476 inuenire
664 2417 788 2477 miserae
802 2435 967 2493 numquam
978 2415 1141 2494 potuimus

128 2512 179 2571 Ch.
203 2511 271 2570 Eho
282 2511 333 2572 dic
344 2508 425 2582 mihi,
438 2508 513 2587 quid
526 2511 567 2570 rel
582 2509 664 2570 tibist
678 2528 747 2570 cum
761 2509 872 2570 familia
886 2511 950 2582 hac,
966 2509 1048 2570 unde
1062 2505 1144 2571 osis?

83 2604 143 2664 Vbi
158 2604 224 2666 illas
238 2605 326 2666 sunt?

124 2699 171 2759 So.
313 2696 454 2760 Miseram
469 2701 532 2758 mel

128 2792 179 2854 Ch.
521 2790 611 2865 Ηέω,
627 2790 778 2869 quidest?
799 2789 962 2852 uiuontne?

124 2886 170 2947 So.
944 2883 1028 2944 Viuit
1041 2883 1141 2962 gusto„

83 2981 212 3040 Matrem
227 2980 322 3058 {psam
338 3000 374 3040 ex
386 2977 571 3058 aegritridine
586 2981 642 3039 hac
657 2977 794 3040 miserom
810 2998 889 3051 mors
904 2982 1101 3039 conseeritast

126 3073 179 3133 Ch.
203 3075 285 3134 Male
299 3073 419 3134 foetum.

124 3167 170 3227 So.
278 3169 343 3244 Ego
357 3177 466 3239 autem,
482 3186 560 3244 quae
574 3165 670 3227 ossem
685 3185 759 3227 anus
773 3164 897 3239 deserta,
914 3183 1012 3244 egens,
1028 3163 1141 3244 ignota,

82 3261 124 3319 vt
137 3257 222 3338 potui
236 3270 363 3338 nuptum
378 3260 521 3338 uirginem
536 3258 634 3320 locsui
648 3258 718 3319 huic
732 3259 925 3333 adulesconti,
1102 3277 1142 3338 ²5

85 3354 202 3414 Hamm
216 3351 268 3432 qui
282 3363 327 3414 est
340 3352 482 3414 dominus
495 3353 623 3415 aedium.

126 3448 180 3508 Ch.
649 3446 856 3527 Antiphonin?

164 3588 171 3602 .
878 3541 937 3602 Em
951 3538 1018 3602 istic
1032 3539 1097 3619 ips‘r

119 3636 172 3697 Cb.
199 3634 303 3714 Quid?
320 3633 436 3700 dumne
451 3654 557 3700 uxores
570 3635 680 3772 hoger?
