2466 3914
82 162 221 237 247-274]
519 165 714 220 PHORMIO
935 162 1039 236 [Actus
1054 166 1093 231 11,
1109 165 1141 220 iii

127 313 229 375 Ceo
259 312 413 387 Phaedria,
446 309 673 394 incredibilem]
707 324 870 412 00301010.
874 332 968 409 erum
1000 314 1070 374 ante
1102 334 1139 375 eo

184 406 336 485 sapie'ntia

83 500 232 563 Meditata
245 500 319 561 mihi
334 511 403 563 sunt
418 501 519 562 omnia
533 521 600 562 mea
614 500 815 575 incommoda
831 521 898 562 erus
913 501 938 561 si
952 501 1083 562 re'dierit:

83 595 264 656 Molendum
276 595 412 673 usquein
424 597 555 672 pistrino,
570 595 781 672 uapuldndum
798 594 955 656 habendae
967 597 1136 675 cdmpedes

81 690 168 768 Opus
196 689 255 749 niri
283 689 470 751 faciundum:
505 690 611 750 hdrum
641 688 682 748 nil
710 689 871 767 quicquam
893 689 1009 751 accidet
1036 690 1138 752 animo

184 802 306 844 nouom.
1100 803 1137 844 20

83 875 241 954 Quidquid
251 888 366 955 praeter
376 896 461 955 spem
474 876 599 950 eue'niet,
613 896 703 936 omne
714 876 745 938 id
756 875 909 954 deputabo
920 896 985 937 esse
999 878 1030 936 in
1045 878 1135 938 lucro.

82 969 142 1031 Sed
157 970 231 1048 quid
245 990 343 1032 cessas
358 971 512 1032 hominem
526 970 608 1032 adire
622 981 651 1031 et
665 970 776 1032 bldnde
794 971 824 1030 in
838 970 984 1049 principio
999 971 1138 1049 adloqui?

121 1067 178 1123 De.
203 1063 380 1126 Phae'driam
395 1066 455 1125 mei
469 1064 563 1125 fratris
579 1064 669 1126 uideo
683 1065 778 1125 silium
792 1065 834 1125 mi
849 1065 890 1125 ire
905 1064 1034 1126 obuiam.

122 1158 178 1216 Pe.
203 1158 249 1217 Mi
263 1159 374 1235 patrue,
391 1159 479 1218 salue

78 1327 82 1330 μ
122 1252 178 1309 De.
449 1305 472 1326 „
506 1251 609 1325 Salue3
630 1253 684 1312 sed
699 1251 946 1328 ubistAntipho?

121 1345 178 1403 Ple.
202 1345 323 1426 Saluom
338 1345 468 1421 uenire.
492 1390 499 1404 .
523 1390 529 1404 .
770 1395 776 1400 .
941 1392 944 1397 .
1089 1393 1091 1396 .

61 1465 76 1523 3
122 1439 176 1497 De.
546 1438 665 1512 Cred03
682 1439 741 1499 hoc
755 1438 904 1516 responde'
919 1438 1000 1499 mihi.
1100 1456 1138 1517 25

36 1511 178 1595 W
202 1533 298 1603 Valet,
315 1532 364 1592 hic
378 1543 423 1592 est
429 1554 437 1604 3
459 1533 512 1592 sed
527 1532 621 1592 satine
637 1533 737 1593 omnia
752 1552 788 1593 ex
802 1530 967 1593 sententia?

36 1620 49 1661 t
122 1625 178 1684 De.
202 1624 319 1686 Velle'm
333 1626 465 1703 quidem.

121 1720 177 1778 Ph.
485 1719 568 1796 Quid
582 1719 658 1780 istde
673 1720 734 1780 est?

121 1814 178 1872 De.
331 1805 333 1811 ¹
531 1825 532 1828 ’
757 1813 889 1893 Rogitas,
906 1813 1069 1875 Phae'dria?

82 1906 183 1966 Bonas
198 1925 247 1966 me
261 1908 384 1968 absente
399 1907 448 1967 hie
462 1907 631 1968 confecistis
646 1908 772 1984 ndptiaa

121 2001 178 2060 Pla
203 2000 278 2074 Eho,
294 2020 333 2061 an
348 2002 379 2063 id
394 2020 548 2061 suscenses
563 2006 644 2061 ndnc
658 2001 718 2060 illi?

125 2094 176 2153 Ge.
747 2095 901 2157 Artificem
915 2097 1056 2174 probumt

120 2190 177 2246 De.
201 2189 288 2266 Egon
303 2189 344 2248 ssli
358 2208 420 2248 non
434 2188 642 2250 suscenseam?
684 2190 787 2268 Ipsum
801 2190 896 2268 gestio
1099 2208 1138 2266 30

81 2282 154 2341 Dari
170 2281 211 2341 mi
224 2284 256 2341 in
271 2294 474 2360 conspectum,
493 2287 573 2344 ndnc
588 2302 643 2343 sua
656 2284 745 2361 culpa
759 2287 791 2343 rit
806 2283 878 2343 sciat

81 2374 196 2436 Lene'm
210 2387 325 2453 patrem
340 2375 423 2436 illum
438 2377 551 2437 factum
566 2396 615 2437 me
629 2395 695 2438 esse
705 2376 889 2437 acdrrimum.

120 2470 178 2529 Pa.
202 2472 295 2547 Atqui
309 2469 350 2529 nil
365 2470 442 2544 fecit,
459 2471 571 2548 patrue,
587 2473 671 2550 quod
686 2470 865 2531 suscenseas,

121 2566 177 2623 De.
202 2565 282 2623 Eece
296 2569 396 2624 antem
412 2564 518 2624 similia
533 2565 648 2625 omnia!
690 2566 806 2627 Omnes
820 2565 1000 2643 congruont:

80 2659 184 2716 Vndm
198 2675 291 2733 quom
306 2657 393 2732 noris,
411 2658 509 2719 omnis
524 2658 612 2719 noris.

121 2751 177 2810 Ph.
628 2753 722 2811 Hartd
737 2752 812 2811 itast.
1100 2769 1136 2829 35

121 2845 177 2902 De.
203 2844 264 2903 Hic
279 2844 309 2904 in
325 2844 447 2919 ndxiast,
464 2846 513 2923 ille
527 2845 566 2906 ad
581 2844 741 2906 dicendam
756 2849 877 2904 cansam
891 2846 991 2918 adest3

81 2938 184 3012 Quom
199 2935 284 3010 ille'st,
301 2937 349 2998 hic
363 2950 522 3016 praestost:
544 2939 665 3000 tradunt
680 2957 784 3015 operas
799 2943 925 2998 mrituas.

125 3031 176 3092 Ge.
200 3032 298 3092 Probe
313 3033 418 3092 horum
434 3034 511 3092 faeta
525 3032 688 3110 inprddens
703 3032 836 3108 depinxit
850 3051 948 3092 senex.

122 3127 178 3184 De.
202 3126 283 3185 Nam
298 3125 329 3184 ni
344 3126 418 3186 haee
432 3127 473 3187 ita
487 3137 593 3199 essent,
609 3147 680 3187 curn
695 3128 745 3186 1110
760 3126 841 3186 haud
856 3137 954 3198 stares,
973 3123 1125 3186 Phaedria.

121 3218 178 3279 Pa
202 3219 232 3279 Si
248 3229 300 3293 est,
317 3219 428 3297 patrue,
445 3222 564 3298 culpam
579 3231 612 3282 ut
626 3206 761 3298 Antipho
776 3220 806 3279 in
822 3239 853 3280 se
868 3218 1027 3292 admiserit,
1098 3240 1138 3293 40

81 3313 128 3374 Ex
142 3313 248 3392 quare
262 3312 361 3376 minus
376 3313 417 3375 rei
431 3316 506 3376 fdret
520 3325 571 3375 aut
585 3317 682 3375 famae
696 3313 872 3392 te‘mperans,

81 3408 154 3469 Non
168 3411 290 3470 cansam
305 3408 383 3483 dieo,
399 3410 472 3486 quin
487 3409 570 3486 quod
585 3408 706 3470 meritus
721 3410 757 3467 sit
769 3400 852 3467 ierat.

80 3503 142 3564 Sed
157 3503 182 3564 si
196 3503 262 3582 quis
276 3505 352 3564 forte
366 3503 479 3564 malitia
494 3503 584 3576 fretrts
598 3522 688 3564 suae.
798 3555 811 3560 ,,
878 3553 881 3558 .
1170 3579 1186 3586 ..

80 3595 212 3658 Insidias
225 3596 676 3664 nostraetecitadulesce'ntiae·
706 3603 708 3606 ’
762 3620 768 3627 ·
812 3620 817 3654 r
1182 3600 1186 3605 ’
