2466 3914
50 213 54 220 ’
97 221 232 294 roz-133]
524 222 719 279 PHORMIO
972 221 1077 297 [Actus
1092 225 1114 290 1,
1131 225 1150 279 ii

97 371 249 432 ‘Voltisne
263 391 366 432 eamus
380 371 505 432 uisereP’
546 372 632 431 Alius
649 375 787 433 ‘censent

94 467 208 526 Eamus
214 487 223 538 3
243 467 303 526 duc
317 485 372 526 nos
386 464 499 526 s6des'.
544 467 635 539 Imus,
651 466 798 539 uenimus,

93 559 249 620 Viddmus.
293 559 385 637 Virgo
399 561 529 637 pulchrm
545 571 575 619 et
590 578 651 636 quo
666 560 758 636 magis
774 560 895 634 diceres,

94 654 146 714 Nil
160 655 262 714 aderat
276 653 439 714 adiumenti
454 654 493 714 ad
507 653 771 730 pulchritudinem:

94 747 229 824 Capillus
243 766 355 824 passus,
371 747 470 808 nddus
485 766 545 824 pes,
562 747 626 824 ipsa
641 745 769 819 hdrrida‚

94 840 267 914 Lacrumae',
284 841 408 902 uestitus
422 841 530 918 turpis3
551 851 590 913 ut,
607 840 638 899 ni
653 841 699 901 uis
713 841 786 900 boni

95 937 132 1009 In
148 934 335 1022 ipsainesset
350 935 451 1007 fdrma,
468 937 543 995 haec
558 936 682 994 sormam
698 935 923 1011 exstinguerent.

94 1030 159 1101 Ille,
175 1028 228 1106 qui
242 1029 322 1087 sslam
336 1027 456 1088 amabat
471 1027 630 1101 fidicinam,
647 1029 763 1088 tannim
778 1029 871 1088 modo

95 1121 206 1183 ‘Satis'
221 1121 316 1200 inquit
333 1121 478 1195 ‘scitast'3
498 1119 597 1181 ndster
611 1139 682 1182 uero
704 1167 710 1182 .
734 1166 741 1182 .
764 1167 772 1182 .

135 1217 197 1274 Da.
346 1207 406 1229 ““””
819 1216 884 1275 Iam
899 1215 979 1275 scio·
1111 1217 1150 1274 60

92 1311 205 1370 Amare
219 1309 326 1388 coepit.
477 1351 479 1355 -

138 1404 188 1464 Ge.
353 1402 423 1464 Scin
438 1404 543 1479 quam?
585 1403 655 1477 Quo
670 1403 778 1463 euaddt
792 1401 871 1463 uide.
913 1437 927 1461 a
1003 1425 1027 1448 u,

95 1497 241 1558 Postridie
255 1497 294 1557 ad
308 1516 400 1556 anum
414 1496 494 1557 recta
508 1496 602 1573 pergit
607 1517 616 1569 ;
637 1496 789 1571 dbsecran
901 1503 910 1537 '

92 1593 135 1651 Vt
150 1589 206 1651 sibi
220 1589 284 1650 eius
298 1591 385 1650 saciat
400 1589 526 1667 cdpiam.
571 1591 627 1649 Illa
641 1589 722 1650 enim
736 1589 768 1650 se
783 1601 870 1668 negat

78 1686 124 1746 lN
126 1703 203 1762 eque
217 1704 285 1745 eurn
301 1684 429 1762 aequom
444 1690 485 1744 ait
499 1686 609 1744 facere:
630 1683 710 1744 illam
726 1684 823 1744 ciuem
838 1703 903 1744 esse
918 1668 1055 1757 Atticam,

94 1779 213 1838 Bonam
228 1777 313 1837 bonis
328 1779 501 1855 prognatam
509 1799 516 1850 ;
537 1777 561 1837 si
576 1776 698 1838 uxorem
712 1778 790 1851 uelit,
1111 1779 1146 1856 65

94 1873 177 1950 Lege
190 1871 222 1932 id
236 1872 324 1932 licere
338 1873 434 1932 facere
440 1893 449 1944 3
471 1873 516 1931 sin
531 1871 621 1944 aliter,
639 1883 734 1948 negat.

94 1963 206 2026 Noster
219 1965 293 2041 quid
306 1969 405 2042 'ageret
421 1964 547 2028 nescire:
570 1975 599 2025 et
613 1965 693 2025 illam
709 1966 817 2027 ddcere

93 2056 245 2136 Cupiebat
258 2068 288 2117 et
302 2057 455 2119 metudbat
468 2057 622 2118 absentem
638 2068 759 2134 patrem.

135 2154 197 2211 Da.
222 2153 301 2225 Non,
318 2150 342 2211 si
356 2151 488 2224 redisset,
505 2151 532 2211 ei
546 2163 629 2229 pater
643 2151 761 2211 ueniam
777 2152 877 2212 daret?

50 2197 189 2306 wife.
214 2246 269 2305 Ille
284 2245 448 2305 indotatam
463 2245 607 2322 uirginem
622 2256 712 2322 atque
726 2245 888 2322 ign6bilem

94 2342 188 2402 Daret
202 2338 262 2398 ssli?
303 2341 477 2416 Numquam
493 2341 609 2399 faceret.

133 2435 197 2493 Da.
635 2433 718 2507 Quid
733 2434 765 2493 fit
780 2432 928 2510 denique?

138 2527 189 2587 Ge.
214 2525 297 2601 Quid
311 2525 380 2585 stat?
422 2528 476 2586 Est
491 2525 633 2602 parasitus
648 2526 770 2603 quidam
786 2527 935 2600 Phdrmio,

94 2619 201 2681 Homd
215 2620 384 2680 confidens:
406 2619 457 2696 qui
472 2620 554 2678 illum
570 2619 601 2679 di
616 2638 721 2680 omnes
734 2619 887 2698 perduint!

135 2717 197 2774 Da.
222 2712 304 2789 Quid
318 2713 343 2773 is
357 2712 445 2773 fecit?

138 2809 188 2868 Ge.
475 2809 546 2867 Hoc
561 2808 726 2882 consilium,
744 2810 826 2886 quod
841 2807 948 2882 dicam,
965 2809 1061 2869 dedit:

96 2905 175 2962 ‘Lex
189 2900 242 2974 est,
258 2910 291 2960 ut
305 2901 403 2974 orbae,
420 2900 472 2977 qui
486 2899 544 2961 sint
558 2922 666 2979 genere
681 2902 824 2980 prdxumi,
1112 2918 1146 2979 75

95 2996 146 3056 Eis
162 2994 283 3068 nubant,
300 3005 330 3055 et
344 2993 410 3053 illos
424 2995 532 3054 ducere
547 2997 654 3056 eadem
668 2998 742 3057 haec
758 2996 804 3056 lex
819 2996 908 3056 iubet.

94 3089 160 3167 Ego
174 3087 204 3149 te
218 3099 378 3166 cognatum
394 3087 492 3148 dicam
507 3101 536 3150 et
551 3090 605 3151 tibi
621 3091 747 3151 scribam
763 3090 876 3163 dicam;
1167 3069 1174 3129 Ι
1186 3058 1204 3125 9
1228 3106 1232 3111 ·

95 3183 254 3244 Paternum
269 3181 399 3242 amicum
413 3204 462 3244 me
476 3185 665 3246 adsimulabo
679 3185 799 3263 uirginis
806 3206 815 3259 3

93 3279 144 3339 Ad
158 3278 270 3339 iddices
285 3278 454 3339 ueniemus:
476 3281 527 3357 qui
543 3280 629 3341 fuerit
643 3291 733 3358 pater,

54 3440 56 3443 v
94 3375 181 3450 Quae
195 3375 296 3448 mater,
313 3374 365 3452 qui
379 3376 506 3451 cognata
520 3373 573 3433 tibi
589 3373 632 3447 sit,
650 3373 751 3434 dmnia
765 3375 839 3433 haec
1111 3373 1149 3429 80

93 3469 281 3547 Confingam,
295 3470 381 3548 quod
396 3467 449 3529 erit
464 3467 536 3526 mthi
550 3467 664 3528 bonum
679 3477 769 3543 atque
783 3465 988 3526 cdmmodum.

93 3563 196 3638 Quom
211 3567 243 3624 tu
258 3563 366 3623 hdrum
381 3561 454 3620 nihil
469 3559 591 3636 refdlles,
607 3560 731 3622 uincam
745 3559 875 3622 scincet.

93 3657 301 3800 Pater‘aderit;
319 3656 393 3717 mihi
405 3657 530 3736 paratae
544 3656 630 3722 lites:
654 3657 736 3740 quid
747 3658 839 3720 meat

196 3749 260 3789 ueta
622 3754 636 3802 't
