2466 3914
115 185 272 259 993-1007]
549 187 746 244 PHORMIO
972 187 1076 261 [Actus
1089 190 1126 258 V,
1142 191 1171 246 ix

160 335 211 394 Ch.
559 335 643 396 Ciue
657 335 705 396 isti
720 335 881 414 quicquam
895 336 1028 399 crdduas.

155 429 210 487 Pk.
235 426 304 501 Abi,
320 427 423 506 tinge3
443 428 468 489 si
483 448 545 489 non
560 430 640 490 titus
654 429 746 507 friget,
762 449 811 490 me
826 430 918 492 e'nica.
1153 449 1169 511 5

161 523 211 582 Ch.
237 520 320 582 Nihil
335 521 387 582 e'st.

156 617 216 676 Na.
411 615 492 692 Quid
507 618 595 693 ergo?
615 617 689 693 quid
703 616 770 677 istic
784 620 899 678 narrat?

156 710 212 770 Ph.
925 710 991 770 lim
1005 709 1095 774 scies:

118 805 269 863 Ausculta.

161 897 213 957 Ch.
299 895 404 973 Pergin
420 894 558 957 crddere?

157 990 219 1048 Na.
575 989 659 1065 Quid
673 1010 728 1069 ego
743 991 868 1052 6bsecr0

119 1083 200 1142 Huic
215 1081 343 1156 cuidam,
361 1082 412 1159 qui
428 1081 501 1142 nihil
516 1082 608 1144 dixit?

157 1177 212 1235 Ph.
623 1176 736 1237 Delira't
752 1177 840 1239 miser

117 1268 247 1330 Timdre.

158 1363 218 1424 Na.
272 1363 342 1422 Non
357 1364 408 1440 pol
422 1362 569 1438 timerent,
586 1365 669 1441 quod
683 1374 716 1424 tu
730 1364 791 1424 tim
805 1364 899 1426 times.

162 1457 213 1516 Ch.
232 1458 318 1534 Egon
335 1458 445 1517 timeo?

158 1551 213 1609 Ph.
460 1552 555 1611 Recte
569 1550 654 1613 sine:
675 1552 799 1628 quando
813 1551 886 1611 nihil
899 1552 994 1626 times,
1135 1573 1172 1615 10

119 1645 158 1703 Et
171 1644 230 1703 hoc
245 1643 318 1703 nihil
333 1654 385 1716 est,
401 1645 485 1720 quod
499 1663 555 1721 ego
570 1646 646 1719 dico,
662 1656 695 1705 tu
710 1644 802 1706 narri.

157 1738 214 1796 De.
824 1739 934 1812 Scelus,

47 1888 50 1893 ,
117 1830 187 1890 Tibi
202 1830 317 1891 na'rret?

157 1925 214 1984 Ph.
339 1925 407 1986 Ohe
421 1934 462 2000 tu,
478 1924 618 1985 iictumst
632 1924 685 1985 abs
700 1936 729 1987 te
744 1924 849 1988 sidulo

118 2021 176 2078 Pro
190 2019 285 2080 irdtre.

157 2114 219 2173 Na.
305 2112 351 2170 Mi
366 2112 419 2185 uir,
435 2113 496 2174 ndn
510 2111 584 2172 mihi
598 2111 699 2174 dices?

161 2208 213 2267 Ch.
716 2191 778 2268 it.
795 2253 802 2269 .
820 2253 827 2268 .

159 2302 218 2360 Na.
852 2303 936 2378 Quid
952 2307 997 2363 ‘at
1006 2305 1031 2363 Ῥ

162 2395 213 2454 Ch.
238 2395 309 2454 Non
325 2394 401 2472 dpus
415 2403 460 2455 est
474 2393 564 2454 dicto.

157 2489 212 2546 Plu
580 2487 651 2548 Tibi
665 2488 803 2566 quidem3
823 2498 854 2549 at
868 2489 943 2549 scito
958 2490 1028 2549 huic
1042 2499 1143 2567 opust:

119 2583 156 2639 In
171 2580 288 2642 Limno

157 2675 212 2733 De.
322 2675 413 2747 Hem,
429 2673 504 2752 quid
517 2676 580 2735 ais?
832 2704 833 2707 ¹

163 2769 213 2827 Ch.
621 2768 692 2829 Nun
706 2769 806 2829 taces?

157 2863 212 2920 Ph.
824 2863 901 2923 clam
915 2873 946 2923 te

161 2955 213 3015 Cli.
972 2957 1008 3016 Ei
1023 2953 1110 3016 mihi!
1135 2972 1169 3034 15

158 3050 213 3108 Ph.
237 3048 367 3110 derem
383 3046 475 3108 duxit.

157 3145 218 3203 Na.
498 3144 544 3203 Mi
557 3144 658 3217 homo,
674 3142 707 3206 di
721 3143 826 3205 meiius
840 3142 941 3205 duint!

157 3239 212 3297 Ph.
237 3235 285 3298 Sic
299 3236 447 3297 factumst.
793 3312 797 3322 Ι

157 3332 219 3390 Να.
474 3330 551 3394 Perii
566 3331 680 3392 misera.
803 3348 806 3355 ·

157 3425 212 3484 Ph.
703 3427 742 3486 Et
756 3426 828 3488 inde
841 3426 933 3487 filiam

118 3516 254 3595 Suscipit
268 3517 328 3579 iam
342 3537 443 3592 unam,
457 3520 531 3579 dum
544 3529 577 3578 tu
592 3519 712 3580 dormis.

161 3611 214 3672 cla.
749 3615 842 3692 Quid
853 3613 996 3692 agimus}

642 3711 672 3758 01
