2466 3914
63 175 203 250 estes]
497 177 693 235 erronum
921 176 1120 251 [Aetusuvi

108 330 158 389 Ge.
1059 331 1118 404 Oh,

63 425 112 483 Tri
127 442 249 501 quoque
263 423 375 496 aderas,
393 423 554 484 Phormio?

103 519 160 577 Ph.
538 515 668 576 Aderam
675 537 684 590 3
705 515 758 578 sed
773 526 806 578 tu
820 520 936 579 cessas?

107 613 159 673 Ge.
919 597 1040 690 riccipe,
1056 632 1119 674 em:

61 689 104 767 ist
119 705 213 766 modo
226 708 380 783 argentum
395 703 450 764 tibi
464 703 603 765 dedimus
616 703 698 781 apud
712 705 819 778 iomm,
834 706 914 766 recta
927 706 1052 767 domum

62 802 173 860 Stimus
188 798 328 877 profecti3
348 796 460 858 interea
474 796 564 857 mittit
578 796 645 858 drus
659 817 709 858 me
723 799 762 859 ad
776 797 898 859 uxorem
912 810 1002 860 tuam.
1082 819 1120 860 20

103 893 163 951 An.
188 893 289 968 Quam
304 891 345 952 db
358 892 441 951 rem?

107 988 157 1048 Ge.
242 985 359 1047 Omitto
368 984 505 1062 proloqui
512 1005 521 1057 ;
534 1004 604 1045 nam
616 983 688 1044 nihil
699 985 739 1045 ad
749 985 828 1046 hanc
838 1004 900 1045 rem
912 996 964 1058 est,
975 971 1117 1064 Antipho.

61 1062 122 1140 ilbi
137 1080 168 1138 in
183 1097 365 1157 gynaeceum
380 1080 423 1138 ire
437 1078 562 1156 occipio,
578 1083 652 1156 puer
665 1079 705 1139 ad
719 1098 768 1139 me
782 1081 907 1140 accurrit
922 1079 1015 1153 Mida,

62 1174 147 1234 Pone
162 1172 312 1251 reprendit
326 1171 424 1250 pdllio,
441 1172 606 1249 resupinat:
627 1172 760 1249 respicio,
778 1191 850 1250 rogo

63 1269 164 1343 Quam
190 1266 231 1327 ob
255 1285 317 1326 rem
342 1264 466 1326 retineat
489 1285 552 1341 me;
579 1266 620 1326 ait
642 1285 707 1327 esse
729 1265 855 1327 uetitum
878 1267 956 1327 intro
977 1267 1017 1327 ad
1039 1285 1119 1327 eram

164 1358 315 1421 accedere.

64 1455 239 1531 ‘Sophrona
279 1453 372 1514 modo
414 1453 532 1514 lraitrem
573 1453 648 1513 huc’
687 1453 783 1531 inquit
824 1453 919 1514 ‘senis
958 1453 1119 1515 introduxit

164 1547 358 1621 Chremem',
1082 1564 1117 1624 25

61 1626 204 1720 Eumque
225 1661 306 1702 nunc
326 1659 392 1702 esse
413 1642 493 1701 intus
514 1660 584 1700 cum
605 1640 670 1701 illis.
715 1641 785 1701 Hoc
806 1640 859 1701 ubi
879 1659 935 1718 ego
953 1640 1063 1714 audiui,
1080 1640 1119 1702 aid

164 1737 242 1796 iores

62 1833 215 1908 Srispenso
229 1829 322 1908 gradri
336 1827 454 1906 placide
468 1827 510 1888 ire
524 1827 644 1906 perrexi,
661 1828 781 1902 accessi,
797 1828 883 1902 astiti,

61 1909 205 2004 Animam
217 1921 387 2000 compressi,
397 1927 499 1983 aurem
510 1923 647 1997 admoui3
664 1923 704 1982 ita
715 1922 849 1983 animum
860 1922 945 2000 coepi
956 1920 1116 1994 attendere,

62 2019 244 2079 Hocmodo
258 2016 427 2077 sermonem
441 2027 572 2093 captans.

103 2113 160 2171 Ph.
592 2111 647 2182 Eri,
665 2110 755 2170 Geta!

108 2205 158 2267 Ge.
772 2202 833 2262 Hic
847 2201 1077 2280 pulcherrimum

62 2298 192 2358 Facinus
206 2296 323 2370 audiui3
343 2298 444 2374 itaque
458 2314 553 2374 paene
567 2297 666 2356 hercle
680 2295 844 2358 exclamaui
858 2295 975 2374 gaudio.
1080 2316 1119 2373 30

104 2393 163 2452 An.
187 2391 298 2467 Quod?

107 2485 157 2547 Ge.
291 2484 384 2559 Quod
399 2501 468 2543 nam
483 2482 641 2543 arbitrare?

104 2581 163 2638 An.
632 2576 751 2638 Nescio.

107 2673 158 2733 Ge.
745 2655 839 2748 Atqui
853 2670 1117 2731 mirificissumum:

61 2766 189 2826 Patruos
202 2775 271 2825 tuos
284 2775 329 2825 est
342 2763 427 2842 peter
440 2763 580 2824 inuentus
596 2764 719 2837 Phanio,
736 2766 818 2824 uxori
832 2775 908 2825 tuae.

103 2861 162 2920 An.
187 2860 269 2935 Quid
283 2861 344 2918 ais?

108 2956 158 3015 Ge.
243 2954 321 3015 Cum
333 2951 396 3013 eius
407 2952 564 3013 consueuit
575 2951 647 3012 olim
662 2952 754 3012 matre
769 2951 799 3011 in
812 2954 928 3012 Lemno
939 2951 1115 3011 clanculum.

104 3049 159 3108 Ph.
183 3046 353 3108 Somnium:
375 3046 440 3107 utin
454 3047 528 3106 haec
542 3047 688 3124 ignoraret
703 3051 789 3106 sriom
804 3048 936 3124 patrem?

106 3143 157 3203 Ge.
857 3139 980 3218 Aliquid
994 3138 1115 3212 credito,

62 3233 212 3308 Phormio,
229 3254 295 3295 esse
308 3239 416 3295 causae
421 3254 430 3307 3
450 3232 504 3294 sed
519 3252 588 3293 men
604 3232 707 3294 censes
722 3233 854 3311 potuisse
869 3234 970 3294 omnia
1079 3251 1114 3310 35

62 3313 239 3407 intellegere
253 3339 333 3389 extra
347 3327 464 3400 ostium,
481 3327 560 3387 intus
575 3346 652 3404 quae
666 3330 742 3388 inter
756 3335 821 3388 sese
835 3327 891 3404 ipsi
906 3327 1036 3406 egerint?

103 3425 163 3483 An.
189 3409 290 3501 litque
304 3440 360 3499 ego
374 3440 496 3499 quoque
510 3420 644 3483 inaddiui
658 3421 738 3482 illam
753 3422 892 3482 iaibulam.
1071 3493 1073 3497 7

106 3518 157 3578 Ge.
808 3518 911 3577 Immo
924 3515 1022 3576 etiarn
1032 3515 1133 3582 uano,

62 3611 134 3688 Quo
149 3610 242 3688 magis
257 3611 373 3671 credas:
390 3607 515 3688 pritruos
529 3607 646 3674 interea
659 3612 736 3676 inde
745 3612 815 3675 lruc
828 3608 987 3692 egreditur
998 3608 1109 3671 ieras,

582 3709 607 3750 ta
