2466 3914
95 184 186 242 Actus
200 185 224 251 l,
238 181 274 258 ii]
524 184 719 240 PHORMIO
1031 182 1148 257 [70-101

135 335 199 393 Da.
403 332 440 406 Ο,
456 333 555 411 regern
571 351 619 392 me
633 351 698 394 esse
712 331 857 411 oportuit!
1063 389 1067 394 s
1113 350 1151 390 20

139 428 190 488 Ge.
214 425 367 486 Abeuntes
381 425 472 486 ambo
487 425 613 486 hictum
628 445 714 487 senes
729 446 777 486 me
791 426 859 486 slliis
1127 416 1129 420 ¹

96 520 283 596 Rellnquont
298 519 382 596 quasi
397 519 576 598 magistrum.

135 615 199 673 Da.
599 614 628 675 O
644 614 729 686 Geta,
745 613 930 691 proulnciam

96 706 210 786 Cepisti
225 708 338 768 duram.

140 802 190 860 Ge.
370 799 416 860 Mi
430 801 499 861 usus
514 800 603 874 uenit,
620 798 679 860 huc
694 799 755 861 scio
761 821 771 874 3

97 894 224 955 Meminl
238 893 365 970 relinqui
379 897 428 953 me
443 895 501 954 deo
515 892 588 975 iratu
603 912 679 954 me0.
873 965 878 974 Ι

96 987 192 1066 Coepi
207 986 358 1048 aduorsari
372 987 482 1064 prlmo:
503 987 576 1063 quid
591 986 689 1048 uerbis
704 990 811 1065 opust?

96 1082 167 1144 Senl
181 1081 277 1142 fidelis
292 1082 363 1142 durn
379 1101 454 1155 sum,
471 1083 605 1158 scapulas
619 1082 744 1159 perdidi.

135 1177 197 1235 Da.
222 1176 338 1235 Venere
352 1175 382 1233 in
398 1185 529 1234 mentem
545 1174 586 1234 mi
600 1175 705 1249 lstaec;
725 1194 856 1252 namque
869 1173 1012 1236 inscltiast

95 1268 267 1331 Adudrsum
281 1269 434 1329 stimulum
449 1269 553 1329 calces.
1137 1257 1139 1261 ἲ

140 1363 190 1424 Ge.
583 1362 679 1439 Coepi
694 1361 736 1423 eis
750 1361 852 1424 umnia

96 1457 214 1530 Facere,
230 1453 357 1534 obsequi
371 1474 449 1534 qnae
464 1456 582 1516 uellent.

137 1552 198 1609 Da.
613 1549 700 1610 Scisti
714 1549 758 1610 utl
772 1551 844 1609 loro.

139 1643 189 1704 Ge.
213 1645 323 1704 Noster
337 1643 408 1703 mali
421 1642 463 1703 nil
477 1643 639 1720 qulcquam
652 1643 750 1721 primo
755 1665 765 1718 3
785 1643 834 1703 hic
849 1641 995 1704 Phaedria

96 1736 250 1799 Continuo
265 1738 416 1814 quandam
431 1739 536 1797 nactus
551 1748 596 1798 est
609 1738 771 1814 puellulam

96 1830 325 1894 Citharlstriam:
347 1832 425 1891 hanc
439 1832 538 1892 amare
552 1831 651 1908 coepit
665 1830 788 1909 perdite.

97 1927 142 1986 Ea
157 1925 303 1986 seruiebat
316 1925 418 1986 lenoni
432 1925 640 2002 inpurlssum0‚
796 1998 800 2004 ι

97 2021 205 2095 Neque
218 2018 436 2099 quddwdaretur
449 2018 611 2095 quicquam
617 2039 626 2092 3
646 2017 678 2079 id
692 2018 828 2078 curarant
842 2027 946 2095 patres.
963 2088 965 2093 ¹

97 2112 242 2172 Restabat
255 2113 337 2174 aliud
352 2112 393 2172 nll
408 2113 464 2172 nisi
478 2113 582 2172 oculos
596 2113 725 2188 pascere,
956 2146 958 2148 v

96 2206 215 2279 Securi,
232 2207 263 2265 in
278 2208 382 2267 ludum
397 2207 506 2267 ducere
520 2217 550 2265 et
563 2206 734 2266 redducere.

96 2301 162 2361 Nos
176 2299 264 2360 otiosi
279 2301 400 2378 operum
415 2300 561 2359 dabamus
577 2299 747 2360 Phaedriae.

96 2395 134 2454 In
149 2412 210 2472 quo
224 2394 298 2453 haec
313 2393 445 2455 discebat
460 2394 539 2467 lude,
557 2395 754 2454 exaduorsnm
769 2392 838 2454 llico

95 2486 257 2547 Tonstrina
271 2498 332 2547 erat
346 2489 508 2563 quaedam:
530 2487 579 2547 hle
593 2487 763 2548 solebamus
778 2488 838 2548 sere

96 2581 275 2659 Plerumque
289 2601 355 2642 eam
370 2581 505 2658 opperiri,
522 2583 594 2642 dum
609 2581 681 2641 inde
696 2579 749 2641 iret
764 2583 896 2642 domurn.

97 2676 215 2736 Interea
229 2675 302 2734 dum
316 2676 455 2736 sedemus
470 2675 519 2749 illi,
535 2674 694 2735 intdruenit

95 2768 281 2828 Adulescens
295 2768 418 2845 quidam
434 2770 609 2829 lacrumans.
653 2771 718 2829 Nos
732 2767 862 2828 mirarier
867 2789 876 2842 3

96 2860 250 2940 Rogamus
265 2861 338 2939 quid
352 2863 396 2923 sit
442 2863 631 2939 ‘Numquam
640 2864 758 2943 aeque'
772 2861 873 2939 inquit
884 2863 939 2921 la'o
950 2863 1043 2923 modo

97 2956 257 3034 Paupertas
272 2955 345 3014 mihi
360 2975 436 3016 onus
451 2955 577 3017 ulsumst
591 2968 621 3017 et
635 2956 775 3016 miserum
792 2959 820 3016 ut
834 2974 931 3034 graue.

97 3050 194 3110 Modo
209 3050 360 3126 quandam
376 3049 438 3110 uidi
452 3050 597 3128 uirginem
611 3049 661 3111 hic
675 3049 802 3110 uiciniae

13 3220 16 3225 ι
97 3142 239 3203 Miseram
254 3162 338 3203 suam
354 3155 478 3204 matrem
493 3144 647 3205 lamentari
661 3144 809 3204 mortuam
816 3165 825 3217 ;

97 3237 142 3296 Ea
156 3236 212 3296 slta
225 3248 286 3297 erat
301 3237 507 3312 exadudrsum,
523 3258 622 3316 neque
635 3237 677 3298 illi
692 3238 850 3299 beniuolus

96 3331 204 3407 Neque
218 3331 307 3390 notus
322 3350 420 3408 neque
435 3334 579 3411 cognatus
593 3343 673 3393 extra
687 3350 777 3392 unam
792 3331 941 3392 aniculam

97 3424 265 3502 Quisquam
279 3426 388 3501 aderat,
406 3427 457 3503 qui
471 3427 617 3488 adiutaret
631 3429 733 3487 funus:
755 3425 954 3511 muentumn.

95 3518 187 3596 Virgo
202 3518 266 3596 lpsa
280 3519 358 3587 facie¹
368 3519 501 3599 egregia’
544 3521 627 3597 Quid
641 3519 738 3582 uerbls
748 3508 859 3597 opust?

88 3611 389 3675 Commorat-omnes
401 3612 466 3676 nos.
512 3614 560 3677 Ibi
575 3614 719 3676 continuo
733 3613 868 3693 Antipho

618 3711 633 3752 s
