2466 3914
300 616 747 732 PHORMIO

412 849 633 860 .——-.—.-

364 980 686 1055 PROLOGVS

80 1149 242 1226 Postquam
256 1152 345 1226 poeta
358 1150 444 1207 uetus
461 1150 581 1224 poetam
596 1145 657 1206 non
672 1156 770 1223 potest

80 1243 241 1302 Retrahere
255 1261 273 1300 a
286 1240 386 1301 studio
400 1251 429 1300 et
444 1240 594 1300 trinsdere
608 1241 761 1300 hominem
777 1239 807 1299 in
822 1238 924 1312 otium,

80 1335 249 1396 Maledictis
263 1336 409 1394 deterrere
424 1352 462 1393 ne
477 1333 585 1394 scribat
599 1345 696 1411 parat;

79 1429 140 1506 Qui
155 1429 195 1489 ita
209 1427 331 1501 dictitat,
348 1447 422 1504 quas
437 1429 564 1488 antehac
578 1427 647 1488 iecit
661 1427 783 1500 fabulas,

78 1523 177 1584 Tenui
190 1525 257 1583 esse
270 1520 404 1581 oratione
418 1532 447 1581 et
462 1520 604 1598 scriptura
619 1521 691 1581 leui:
1034 1535 1050 1598 5

79 1617 160 1694 Quia
173 1617 321 1692 nrisquam
335 1615 472 1674 insanum
487 1614 602 1690 scripsit
616 1615 873 1674 adulescentulum

80 1710 209 1772 Ceruim
223 1708 325 1769 uidere
339 1709 438 1785 frigere
452 1718 482 1766 et
497 1707 601 1766 sectari
615 1725 703 1766 canes

80 1807 119 1867 Et
134 1807 200 1864 eam
214 1804 336 1880 plorare,
353 1802 443 1873 orare,
461 1811 493 1860 ut
508 1800 665 1860 subueniitt
680 1799 744 1860 sibi.

80 1898 173 1974 Quod
188 1897 212 1956 si
227 1895 415 1971 intellegeret,
432 1893 524 1970 quom
541 1892 620 1952 stetit
635 1893 705 1952 olim
722 1912 809 1967 noua,

80 1989 198 2051 Actoris
212 2008 303 2066 opera
316 1988 409 2065 magis
424 1987 539 2047 stetisse
554 1987 645 2063 quam
660 2007 720 2060 sua,
1017 2007 1053 2046 10

5 2084 7 2088 ’
80 2085 183 2145 Minus
198 2083 292 2143 mtilto
306 2083 453 2154 audacter,
470 2082 561 2157 quim
576 2100 656 2141 nunc
671 2082 768 2156 laedit,
785 2083 922 2142 laederet.

81 2181 171 2240 Nunc
185 2177 210 2237 si
223 2175 291 2254 quis
305 2187 356 2249 est,
373 2175 425 2251 qui
439 2177 498 2234 hoc
513 2176 593 2234 dicat
607 2185 657 2234 aut
672 2174 715 2235 sic
729 2175 851 2254 cogitet:

83 2274 193 2332 ‘Vetus
207 2270 232 2329 si
245 2273 335 2348 poeta
349 2267 410 2328 non
424 2268 590 2328 lacessisset
603 2267 690 2345 prior,

80 2366 204 2427 Nullum
219 2363 351 2423 inuenire
366 2362 521 2440 prdlogum
536 2364 637 2439 posset
652 2380 756 2434 nouos,

80 2460 179 2535 Quem
194 2459 312 2529 diceret,
329 2456 386 2515 nisi
400 2456 522 2516 haberet
538 2457 587 2516 cui
602 2459 680 2517 male
695 2459 806 2520 diceret
815 2461 835 2519 't
1018 2475 1052 2536 15

81 2554 111 2613 Is
124 2551 182 2612 sibi
195 2569 371 2628 responsum
385 2551 444 2609 hoc
457 2550 574 2624 habeat,
591 2550 623 2610 in
638 2552 739 2613 medio
753 2553 893 2613 6mnibus

81 2647 213 2707 Palmam
228 2647 293 2704 esse
307 2643 443 2720 positam,
460 2645 512 2721 qui
527 2647 619 2706 artem
636 2657 761 2706 tractant
776 2647 926 2707 mrisicam.

80 2741 135 2800 Ille
149 2739 188 2799 td
202 2739 312 2798 famem
327 2738 408 2797 hunc
422 2757 440 2798 a
454 2739 554 2801 stridio
570 2741 683 2802 studuit
697 2741 819 2801 reicere:

80 2833 142 2893 Hic
155 2831 335 2908 respondere
349 2831 452 2907 uoluit,
471 2854 531 2895 non
547 2836 698 2895 lacessere.

80 2924 252 2987 Benedictis
267 2925 291 2986 si
306 2928 454 3003 certasset,
472 2931 602 2990 audisset
618 2930 708 2989 bene:

79 3019 172 3096 Quod
185 3020 224 3079 ab
238 3019 290 3079 illo
305 3022 473 3096 adlatumst,
492 3023 548 3084 sibi
562 3043 627 3083 esse
640 3023 775 3083 rellatum
790 3033 881 3100 putet.

80 3116 128 3175 De
141 3111 193 3174 illd
208 3114 267 3174 iam
283 3117 374 3176 finem
390 3117 496 3177 ficiam
512 3116 635 3178 dicundi
649 3115 731 3189 mihi,

80 3209 229 3271 Peccitndi
244 3230 337 3288 quom
353 3211 417 3288 ipse
432 3211 470 3271 de
485 3230 517 3271 se
530 3211 622 3270 finem
637 3209 698 3269 n6n
713 3210 790 3270 iacit.

80 3306 170 3365 Nunc
184 3305 259 3382 quid
273 3305 364 3366 uelim
378 3305 512 3365 animum
526 3302 684 3364 attendite:
705 3302 831 3380 adporto
846 3322 963 3362 nouam

80 3398 355 3477 Epidicazomenon
371 3399 462 3476 quam
476 3408 590 3460 uocant
603 3397 808 3460 comoediam
1050 3397 1102 3451 nt,

82 3494 192 3568 Graeci,
212 3495 310 3556 Latini
325 3495 549 3562 Phormionem
562 3490 749 3570 riduimant,

534 3595 549 3638 r
