2466 3914
88 175 227 249 596-618]
282 224 283 228 a
521 175 718 233 enomsso
886 173 989 247 [Actus
1004 172 1056 241 iv,
1071 174 1100 241 a,
1117 174 1147 230 m

90 324 146 385 Dis
160 323 266 404 gratias
280 322 395 404 agebat,
411 336 529 403 tempus
545 324 600 386 sibi
614 323 686 398 dari,

88 418 150 480 Vbi
166 418 329 480 Phaedriae
344 438 409 480 esse
423 418 593 480 ostenderet
607 418 701 480 nihil6
716 419 815 479 minus

88 514 231 572 Amicum
240 531 311 573 ,sese
325 531 416 590 quam
431 498 605 590 Antiphoni.
650 513 817 573 Hominem
831 511 871 574 ad
886 513 983 576 forum

90 605 168 666 Iussi
183 606 324 684 6pperiri:
346 624 383 668 eo
397 625 447 667 me
461 605 525 667 esse
538 607 740 669 adductumm
755 625 866 668 senem.

88 701 150 761 Sed
165 718 269 761 eccum
284 702 390 778 ipsum.
434 700 510 776 Quis
525 711 570 761 est
584 699 722 761 ulterior?
763 702 855 774 Attat,
873 699 1036 762 Phaedriae
1109 720 1146 761 ιο

89 796 177 854 Pater
191 792 281 854 uenit.
325 795 385 855 Sed
399 793 472 871 quid
485 792 624 872 penimui
638 804 738 854 autem
754 792 859 855 belua?

88 890 138 948 An
153 888 224 965 quia
238 907 313 966 quos
328 888 427 948 fallam
442 906 496 964 pro
510 892 571 947 iino
585 888 648 948 duo
662 899 732 948 sunt
746 887 819 947 mihi
833 887 913 950 dati?

89 981 288 1043 Commddius
302 1000 367 1042 esse
381 981 488 1058 opinor
502 979 613 1059 duplici
628 999 681 1060 spe
696 980 779 1042 iitier.

90 1077 193 1134 Petam
209 1076 286 1148 hinc,
302 1076 385 1136 unde
399 1094 418 1134 a
431 1074 528 1152 primo
542 1073 648 1135 institi:
670 1075 695 1135 is
710 1074 734 1136 si
749 1074 808 1148 dat,
825 1086 870 1136 sat
883 1085 928 1136 est
933 1095 942 1150 3

89 1167 120 1229 Si
134 1168 174 1228 ab
188 1166 225 1229 έο
239 1167 280 1228 nil
295 1169 354 1242 fiet,
370 1178 434 1228 tum
449 1169 530 1228 htinc
543 1167 661 1230 adoriar
674 1166 831 1246 hdspitem.
1108 1189 1121 1226 1
1126 1185 1143 1248 ς

244 1377 395 1437 Amiano
464 1376 555 1438 Gemi
611 1377 771 1440 canamus
826 1378 983 1437 Damnum

229 1496 400 1556 Advlescens
460 1495 563 1556 Servos
721 1496 806 1557 Senes
819 1498 864 1556 II
936 1487 940 1494 ’

127 1655 188 1714 An.
212 1652 369 1731 Exspecto,
386 1672 477 1731 quam
491 1674 562 1715 mox
576 1653 697 1733 recipiat
711 1653 776 1715 sese
791 1656 876 1716 Geta

87 1748 148 1809 Sed
161 1746 300 1826 pitruom
314 1748 405 1810 uideo
419 1753 488 1808 cnm
502 1759 585 1826 patre
599 1749 774 1810 adstantem.
819 1750 857 1808 Ei
871 1747 952 1823 mihi,

88 1842 189 1918 Quam
203 1842 303 1915 timeo,
319 1843 468 1903 aduentus
482 1842 570 1903 mins
585 1862 646 1921 quo
657 1843 779 1920 inpellat
793 1847 921 1920 patrem!

131 1935 182 1997 Ge.
206 1935 308 1996 Adibo
323 1930 455 2017 [hosce]:
476 1954 496 1996 0
510 1938 599 2010 salue,
617 1937 717 1996 n6ster
732 1936 890 1998 Chremes!

132 2024 184 2091 Ch.
926 2028 1021 2103 Same,
1039 2031 1129 2091 Geta!

131 2122 181 2183 Ge.
205 2124 316 2183 Venire
330 2125 445 2185 saluom
460 2123 553 2201 u6lup
567 2133 619 2183 est.
725 2176 727 2184 s

131 2216 184 2277 Cla
640 2216 748 2278 Credo.

130 2311 181 2371 Ge.
772 2310 855 2386 Quid
868 2309 981 2388 agitur?
1076 2331 1078 2335 ’
1125 2326 1141 2389 5

88 2404 186 2463 Multa
199 2401 380 2476 aduenienti,
397 2414 429 2463 ut
443 2403 485 2479 fit,
502 2422 582 2464 noua
595 2402 663 2464 hic?

92 2573 96 2583 Α
130 2497 183 2557 Ch.
683 2497 863 2574 compluria

129 2590 180 2650 Ge.
205 2592 260 2651 Ita.
305 2592 353 2651 De
367 2575 542 2670 Antiphone
555 2590 685 2651 audistin
700 2592 887 2668 quaefacta?

132 2684 182 2744 Cli.
648 2733 650 2738 .
916 2665 1034 2746 Omnia.

130 2777 180 2837 Ge.
203 2779 273 2837 Tun
288 2778 404 2839 diieras
418 2777 507 2838 huic?
548 2779 573 2838 F
573 2777 676 2838 acinus
690 2776 856 2856 indignam,
873 2778 1025 2852 Chremes,

86 2869 135 2931 Sic
150 2871 310 2931 citcumiri!
792 2861 794 2864 Α

130 2964 200 3024 Cla·
335 2965 373 3025 Id
388 2983 457 3025 cum
472 2965 530 3026 h6c
544 2964 669 3042 agebam
683 2965 889 3026 c6mmodum.

130 3058 180 3118 Ge.
204 3059 283 3118 Nam
308 3059 408 3119 hercle
435 3057 490 3137 ego
518 3078 640 3137 quoque
667 3058 699 3120 id
730 3057 854 3136 quidem
881 3059 995 3138 agitans
1023 3078 1141 3121 mecum

187 3150 293 3213 sedulo
1106 3173 1142 3213 10

87 3230 203 3306 Inueni,
219 3233 333 3310 opinor,
350 3231 514 3294 remedium
529 3232 599 3294 huic
613 3233 663 3293 rei.

130 3326 181 3387 Ch.
692 3327 783 3403 Quid,
800 3328 895 3390 Geta?

126 3421 181 3479 Dc.
205 3420 297 3495 Quod
312 3418 496 3482 remedium?

129 3513 179 3574 Ge.
515 3515 557 3574 Vt
569 3514 630 3575 abii
644 3515 699 3576 abs
713 3525 753 3590 te,
767 3515 803 3576 fit
814 3516 895 3577 {ome
908 3515 1040 3577 (ahmam

86 3605 164 3667 Mihi
179 3607 339 3668 Ph6rmio?

606 3708 633 3752 ω
