2466 3914
87 216 177 276 Actus
189 217 226 284 V,
242 214 286 291 iii]
452 180 458 187 ·
519 216 714 277 PHORMIO
1007 214 1142 291 [806-819

88 364 196 440 Neque
210 363 380 442 intelleges?

127 458 183 517 De.
389 457 420 518 Si
434 463 466 519 tu
482 458 524 518 nil
538 459 655 518 narras?

132 551 183 611 Ch.
672 550 783 613 Perdis.

127 646 189 704 Na.
798 643 899 718 Miror,
915 646 990 723 quid
1005 647 1064 707 hoc
1078 645 1139 708 siet

127 739 182 797 De.
207 739 356 816 Equidem
372 739 470 800 hercle
484 739 593 800 nescid.

133 833 184 891 Ch.
504 834 564 892 Vin
579 833 672 893 scire?
712 834 754 891 At
768 833 808 892 itu
822 851 870 892 me
885 843 983 893 seruet
999 832 1140 912 Iuppiter,

87 927 129 985 Vt
142 926 262 1004 propior
275 926 325 1000 illi,
342 926 432 1004 quim
448 947 504 1005 ego
519 946 586 987 sum
600 947 636 987 ac
650 937 690 998 tu,
708 921 826 1008 [homo]
841 924 968 987 nemost.

127 1020 183 1079 De.
817 1019 857 1081 Di
871 1019 1004 1081 uostrim
1018 1021 1119 1094 fidem,

88 1112 199 1172 Edmus
214 1114 253 1173 ad
267 1113 375 1191 ipsam:
398 1134 458 1174 una
472 1113 568 1175 omnis
583 1133 638 1174 nos
648 1124 700 1174 aut
714 1116 788 1175 scire
798 1124 850 1175 aut
863 1113 978 1175 nescire
991 1113 1052 1175 hoc
1062 1116 1141 1176 uolo.

132 1207 183 1267 ct.
998 1209 1059 1268 Ah.
1105 1224 1139 1285 15

127 1302 183 1360 De.
208 1300 290 1376 Quid
305 1300 366 1362 est?

131 1396 183 1454 Ch.
309 1397 376 1455 Itan
391 1415 513 1473 paruam
528 1396 601 1456 mihi
616 1397 707 1458 fidem
722 1415 787 1457 esse
801 1396 882 1474 apud
896 1398 938 1456 te!

126 1489 182 1546 De.
865 1489 926 1548 Vin
941 1507 991 1549 me
1005 1488 1144 1552 credere?

86 1581 146 1640 Vin
161 1580 231 1642 sitis
246 1582 413 1659 quaesitum
429 1583 470 1642 mi
485 1586 560 1643 istuc
574 1586 659 1644 esse?
699 1588 772 1662 Age,
789 1584 848 1644 fiat.
893 1581 995 1658 Quid?
1019 1583 1070 1644 illa
1083 1583 1144 1645 filia

86 1674 185 1736 Amici
200 1675 292 1737 nostn'
307 1676 381 1753 quid
395 1677 572 1738 futurumst?

130 1771 182 1830 Ch.
570 1770 673 1831 Rdcte.

126 1864 181 1923 De.
698 1865 789 1924 Hanc
803 1863 891 1942 igitur
904 1863 1069 1927 mittimus?

129 1958 182 2017 Ch.
207 1954 354 2032 Quidni?

125 2052 181 2109 De.
327 2034 383 2111 iua
397 2052 533 2112 maneat?

129 2145 181 2205 Ch.
508 2146 564 2205 Sic.

124 2240 180 2298 De.
539 2240 586 2298 Ire
600 2237 687 2316 igitur
702 2236 755 2299 tibi
770 2238 847 2312 licet,
864 2240 1058 2300 Nausistrata„

125 2335 185 2392 Na.
210 2331 259 2393 Sic
281 2334 332 2411 pol
357 2330 546 2393 commodius
571 2330 635 2392 esse
658 2329 689 2391 in
711 2330 809 2393 omnis
833 2331 965 2406 irbitror,
992 2353 1084 2411 quam
1108 2346 1141 2395 ut

185 2425 334 2506 coeperas,
1102 2448 1139 2486 20

86 2520 208 2580 Manere
223 2522 315 2596 hauc;
338 2541 406 2582 nam
422 2518 602 2598 perliberalis
617 2521 715 2593 uisast,
731 2538 824 2597 quom
838 2518 910 2593 uidi,
926 2518 1052 2580 mihi.—

123 2615 179 2673 De.
204 2614 287 2689 Quid
301 2614 377 2676 istuc
392 2615 539 2692 negotist?

127 2707 179 2767 Ch.
509 2708 614 2770 Iimne
628 2708 744 2786 operuit
759 2707 887 2768 ostium?

122 2802 178 2860 De.
880 2803 953 2861 Iam.

127 2894 178 2953 Clu.
950 2897 978 2957 Ο
995 2896 1137 2975 Iuppiter,

84 2985 123 3044 Di
139 2989 192 3048 uos
207 2989 382 3068 respiciunt:
404 2990 524 3070 gnitum
539 2989 640 3052 inueni
655 2995 779 3068 miptam
793 3009 863 3050 cum
878 2999 931 3050 tuo
944 2989 1014 3049 filio.

122 3082 178 3141 De.
1044 3087 1136 3159 Hem,

83 3173 153 3248 Quo
168 3175 257 3254 picto
271 3177 385 3255 potuit?

126 3269 178 3329 Ch.
324 3271 396 3331 Non
411 3270 481 3331 satis
496 3282 576 3332 tutus
592 3271 636 3333 est
650 3273 688 3333 ad
703 3274 882 3333 narrandum
899 3273 948 3332 hic
962 3273 1053 3332 locus.

122 3363 177 3422 De.
201 3364 243 3423 At
256 3373 288 3424 tu
303 3365 380 3424 intro
395 3365 458 3425 abi!

125 3456 177 3517 ch.
249 3458 344 3530 Heus,
361 3476 400 3518 ne
414 3456 467 3517 filii
482 3457 605 3535 quidem
621 3460 679 3520 hoc
695 3457 786 3520 nostri
801 3459 960 3521 resciscunt
975 3461 1054 3520 uolo.
1099 3480 1115 3519 2
1119 3476 1136 3538 5

594 3565 620 3606 eu
