2466 3914
60 162 202 242 por-928]
494 165 691 223 PHORMIO
902 165 1006 239 {Actus
1019 166 1056 232 V,
1071 165 1120 223 viii

104 312 160 370 Ph.
184 312 233 371 De
247 312 352 373 eadem
368 311 425 372 hac
439 314 563 374 sortasse
577 316 684 374 causa?

104 407 160 465 De.
700 407 747 468 Ita
761 407 867 468 hercie.

103 501 160 560 Ph.
891 499 1027 569 Cre'didi:

63 593 147 669 Quid
160 592 201 653 ad
216 612 265 653 me
279 592 384 654 ibatis?

102 687 160 745 De.
407 686 588 748 Ridiculum.

103 780 159 840 Ph.
398 809 400 813 ⁷
610 784 658 842 An
673 780 864 854 uerebamini,

63 874 111 934 Ne
126 873 187 934 ndu
201 872 233 935 id
248 874 384 947 facerem,
401 875 484 950 qudd
499 873 676 952 recepissem
692 876 802 934 semel?

63 968 158 1039 Heus,
175 966 287 1044 qudnta
300 977 413 1044 quanta
427 968 501 1027 haec
517 966 583 1027 mea
597 978 754 1047 paupertas
768 967 820 1042 dut,
838 979 939 1029 tamen

61 1062 173 1123 Adhuc
187 1060 288 1121 curaui
303 1080 397 1121 unum
412 1061 471 1121 hoc
485 1061 617 1138 quidem,
633 1072 666 1121 ut
681 1061 722 1121 mi
737 1061 814 1122 esset
829 1062 910 1122 fides.
942 1102 947 1107 -

63 1155 161 1231 quue
176 1154 252 1215 ddeo
266 1154 357 1216 uenio
373 1154 551 1227 nuntiatum,
569 1153 729 1232 deipho,

62 1247 203 1308 Paratum
218 1268 267 1309 me
281 1268 358 1308 esse:
380 1247 431 1308 ubi
448 1247 544 1321 uoltis,
561 1247 683 1308 uxorem
698 1248 775 1309 date.

63 1342 143 1401 Nam
158 1343 255 1402 omnis
270 1341 429 1419 posthabui
444 1342 518 1401 mihi
533 1360 586 1414 res,
603 1341 644 1401 ita
657 1340 700 1401 uti
715 1341 768 1420 ptr
781 1341 844 1414 suit,

62 1437 227 1513 Postquam
241 1437 273 1496 id
287 1446 370 1496 tanto
385 1455 475 1514 opere
490 1436 544 1496 u6s
559 1430 636 1497 uelle
650 1435 925 1498 animaduerteram.

102 1530 158 1588 De.
183 1532 224 1589 At
237 1529 287 1589 hic
300 1529 473 1590 dehortatus
488 1528 532 1590 est
548 1548 604 1603 me,
621 1548 659 1589 ne
673 1529 754 1588 illam
768 1529 823 1589 tibi
837 1531 952 1591 darem:

64 1624 161 1682 ‘Nam
175 1623 228 1700 qui
243 1623 296 1682 erit
310 1642 411 1683 rumor
424 1623 543 1700 populi'
559 1623 663 1699 inquit,
682 1621 722 1682 ‘si
736 1621 768 1683 id
782 1622 903 1684 feceris?

63 1716 145 1778 Olim
159 1735 252 1794 quom
267 1718 393 1777 honeste
407 1717 512 1794 potuit,
529 1727 593 1776 tum
608 1735 669 1776 non
684 1715 729 1777 dst
743 1716 814 1776 data
818 1738 827 1790 ,·

64 1811 140 1870 Eam
155 1815 236 1870 nuuc
251 1809 366 1872 extrudi
380 1815 493 1888 tdrpest
502 1812 517 1868 ’.
562 1812 668 1871 Ferme
682 1810 789 1870 eadem
804 1810 912 1883 omnia,

63 1904 151 1980 Quae
165 1908 228 1965 tute
243 1904 358 1963 dudum
373 1904 473 1964 coram
489 1923 538 1964 me
551 1903 749 1964 incusaueras.

103 1998 160 2057 Ph.
185 1999 261 2058 Satis
276 1998 403 2075 superbe
418 1997 551 2059 inluditis
567 2017 622 2059 me.

104 2086 160 2150 Di.
649 2091 728 2166 QuI?

104 2186 160 2244 Ph.
533 2228 536 2232 -
749 2187 868 2262 Rogas?

63 2277 144 2354 Quia
157 2297 196 2338 ne
209 2278 331 2340 alteram
346 2277 470 2355 quidem
485 2279 566 2339 sslam
580 2288 684 2356 potero
699 2279 809 2339 ducere
813 2301 822 2354 ;

63 2373 144 2432 Nam
158 2372 219 2449 qud
234 2371 338 2434 redibo
352 2392 404 2432 ore
417 2372 457 2432 ad
471 2390 545 2446 eam,
562 2391 652 2449 quam
667 2371 917 2450 contdmpserim?

108 2467 159 2526 Ch.
185 2468 281 2526 ‘Tum
296 2477 396 2526 autem
411 2451 616 2544 Antiphonem
632 2466 721 2527 uideo
735 2466 774 2526 ab
789 2485 853 2527 sese
867 2467 1002 2526 amittere
1017 2522 1021 2529 .

63 2561 197 2620 Inuitum
212 2562 295 2620 eam'
310 2560 408 2637 inque.

104 2655 159 2712 De.
434 2655 513 2713 Tum
528 2657 628 2715 autem
643 2652 733 2713 uideo
747 2653 842 2714 silium

63 2747 199 2806 Inuitum
213 2765 285 2807 sane
299 2746 454 2807 mulierem
468 2747 506 2807 ab
521 2766 554 2807 se
567 2748 709 2808 amittere.
822 2771 825 2776 ·

62 2840 124 2901 Sed
137 2840 228 2900 transi
244 2840 332 2900 sodes
346 2841 386 2901 ad
400 2842 496 2901 sorum
511 2851 602 2918 atque
615 2841 691 2902 illud
705 2840 778 2901 mihi

60 2933 228 3011 Arge'ntum
243 2954 358 2994 rursum
373 2934 442 2995 iube
457 2934 585 3008 rescribi,
603 2934 751 2995 Phormio.

102 3029 160 3088 Ph.
184 3028 315 3103 Quodne
330 3026 385 3105 ego
400 3028 534 3106 discripsi
549 3029 637 3106 pdrro
651 3027 715 3103 illis,
732 3027 840 3106 quibus
854 3026 964 3089 debui?

102 3123 159 3182 De.
183 3121 267 3197 Quid
281 3121 368 3199 igitur
382 3123 451 3182 fiet?

104 3216 160 3275 Ph.
474 3216 504 3277 Si
519 3214 565 3276 uis
580 3215 620 3275 mi
635 3214 757 3276 uxorem
771 3216 849 3288 dare,

62 3309 164 3386 Quam
179 3308 372 3386 despondisti
390 3310 499 3370 ducam
504 3329 514 3382 ;
534 3308 580 3368 sin
594 3319 647 3382 est,
664 3314 696 3369 ut
711 3307 785 3370 uelis

63 3402 188 3464 Manere
203 3402 283 3461 illam
297 3403 379 3480 apud
393 3413 431 3476 te,
448 3403 504 3464 dds
518 3402 567 3462 hic
582 3413 708 3476 maneat,
726 3401 885 3480 Demipho.

63 3498 142 3557 Nam
158 3496 220 3556 non
234 3506 279 3557 est
293 3514 422 3573 aequom
438 3494 486 3556 md
500 3507 619 3573 propter
633 3515 688 3556 uos
703 3494 809 3572 decipi,

63 3592 166 3668 Quom
180 3609 236 3668 ego
251 3589 341 3651 uestri
355 3589 476 3651 honoris
490 3593 581 3652 causa
593 3589 759 3671 repudium
773 3591 889 3653 hiterae
1107 3595 1154 3652 “sb

583 3687 609 3729 su
